@article{Gross:2010,
Author = {Gross, M. and Adhikari, R. and Cates, M. E. and Varnik, F.},
Title = {{Thermal fluctuations in the lattice Boltzmann method for nonideal fluids}},
Journal = {{Phys. Rev. E}},
Year = {{2010}},
Volume = {{82}},
Number = {{5, Part 2}},
Pages = {{}},
Month = {{NOV 29}},
Publisher = {{AMER PHYSICAL SOC}},
Address = {{ONE PHYSICS ELLIPSE, COLLEGE PK, MD 20740-3844 USA}},
DOI = {{10.1103/PhysRevE.82.056714}},
Article-Number = {{056714}},
},
@article{Duenweg:2007,
Author = {D\"unweg, Burkhard and Schiller, Ulf D. and Ladd, Anthony J. C.},
Title = {{Statistical mechanics of the fluctuating lattice Boltzmann equation}},
Journal = {{Phys. Rev. E}},
Year = {{2007}},
Volume = {{76}},
Number = {{3, Part 2}},
Pages = {{}},
Month = {{SEP}},
Publisher = {{AMER PHYSICAL SOC}},
Address = {{ONE PHYSICS ELLIPSE, COLLEGE PK, MD 20740-3844 USA}},
DOI = {{10.1103/PhysRevE.76.036704}},
Article-Number = {{036704}},
},
@article{Adhikari:2005,
Author = {Adhikari, R and Stratford, K and Cates, ME and Wagner, AJ},
Title = {{Fluctuating lattice Boltzmann}},
Journal = {{Europhys. Lett.}},
Year = {{2005}},
Volume = {{71}},
Number = {{3}},
Pages = {{473}},
Month = {{AUG}},
Publisher = {{EDP SCIENCES S A}},
Address = {{17, AVE DU HOGGAR, PA COURTABOEUF, BP 112, F-91944 LES ULIS CEDEX A,
   FRANCE}},
DOI = {{10.1209/epl/i2004-10542-5}},
},
@incollection{Duenweg:2009,
Author = {D\"unweg, Burkhard and Ladd, Anthony J. C.},
Editor = {{Holm, C and Kremer, K}},
Title = {{Lattice Boltzmann Simulations of Soft Matter Systems}},
Booktitle = {{Advanced Computer Simulation Approaches For Soft Matter Sciences III}},
Series = {{Advances in Polymer Science}},
Year = {{2009}},
Volume = {{221}},
Pages = {{89}},
Publisher = {{Springer-Verlag Berlin}},
DOI = {{10.1007/12_2008_4}},
},
@article{dHumieres:2002 ,
Author = {d'Humieres, D and Ginzburg, I and Krafczyk, M and Lallemand, P and Luo,
   LS},
Title = {{Multiple-relaxation-time lattice Boltzmann models in three dimensions}},
Journal = {{Phil. Trans. Roy. Soc. London A}},
Year = {{2002}},
Volume = {{360}},
Number = {{1792}},
Pages = {{437}},
Month = {{MAR 15}},
Publisher = {{ROYAL SOC LONDON}},
Address = {{6 CARLTON HOUSE TERRACE, LONDON SW1Y 5AG, ENGLAND}},
DOI = {{10.1098/rsta.2001.0955}},
},
@article{Ladd:2001,
Author = {Ladd, AJC and Verberg, R},
Title = {{Lattice-Boltzmann simulations of particle-fluid suspensions}},
Journal = {{J. Stat. Phys.}},
Year = {{2001}},
Volume = {{104}},
Number = {{5-6}},
Pages = {{1191}},
Month = {{SEP}},
Publisher = {{KLUWER ACADEMIC/PLENUM PUBL}},
Address = {{233 SPRING ST, NEW YORK, NY 10013 USA}},
DOI = {{10.1023/A:1010414013942}},
},
@article{Swift:1995,
Author = {Swift, MR and Osborn, WR and Yeomans, JM},
Title = {{Lattice boltzmann simulation of nonideal fluids}},
Journal = {{Phys. Rev. Lett.}},
Year = {{1995}},
Volume = {{75}},
Number = {{5}},
Pages = {{830}},
Month = {{JUL 31}},
Publisher = {{AMERICAN PHYSICAL SOC}},
Address = {{ONE PHYSICS ELLIPSE, COLLEGE PK, MD 20740-3844 USA}},
DOI = {{10.1103/PhysRevLett.75.830}},
},
@article{Swift:1996,
Author = {Swift, MR and Orlandini, E and Osborn, WR and Yeomans, JM},
Title = {{Lattice Boltzmann simulations of liquid-gas and binary fluid systems}},
Journal = {{Phys. Rev. E}},
Year = {{1996}},
Volume = {{54}},
Number = {{5}},
Pages = {{5041}},
Month = {{NOV}},
Publisher = {{AMERICAN PHYSICAL SOC}},
Address = {{ONE PHYSICS ELLIPSE, COLLEGE PK, MD 20740-3844 USA}},
DOI = {{10.1103/PhysRevE.54.5041}},
},
@article{Shan:1993,
Author = {Shan, XW and Chen, HD},
Title = {{Lattice Boltzmann model for simulating flows with multiple phases and components}},
Journal = {{Phys. Rev. E}},
Year = {{1993}},
Volume = {{47}},
Number = {{3}},
Pages = {{1815}},
Month = {{MAR}},
Publisher = {{AMERICAN PHYSICAL SOC}},
Address = {{ONE PHYSICS ELLIPSE, COLLEGE PK, MD 20740-3844 USA}},
DOI = {{10.1103/PhysRevE.47.1815}},
},
@article{Benzi:1992,
Author = {Benzi, R and Succi, S and Vergassola, M},
Title = {{The lattice Boltzmann-equation - theory and applications}},
Journal = {{Phys. Rep.}},
Year = {{1992}},
Volume = {{222}},
Number = {{3}},
Pages = {{145}},
Month = {{DEC}},
Publisher = {{ELSEVIER SCIENCE BV}},
Address = {{PO BOX 211, 1000 AE AMSTERDAM, NETHERLANDS}},
DOI = {{10.1016/0370-1573(92)90090-M}},
},
@article{McNamara:1988,
Author = {McNamara, GR and Zanetti, G},
Title = {{Use of the Boltzmann-equation to simulate lattice-gas automata}},
Journal = {{Phys. Rev. Lett.}},
Year = {{1988}},
Volume = {{61}},
Number = {{20}},
Pages = {{2332}},
Month = {{NOV 14}},
Publisher = {{AMERICAN PHYSICAL SOC}},
Address = {{ONE PHYSICS ELLIPSE, COLLEGE PK, MD 20740-3844 USA}},
DOI = {{10.1103/PhysRevLett.61.2332}},
},
@book{Succi:2001,
Title={Lattice Boltzmann Equation: For Fluid Dynamics and Beyond},
Author={Succi, S},
ISBN={9780198503989},
Series={Numerical Mathematics and Scientific Computation},
Year={2001},
Publisher={Oxford University Press},
Address = {{New York}}
},
@article{Raabe:2004,
Author = {Raabe, D}, 
Title = {{Overview of the lattice Boltzmann method for nano- and microscale fluid
   dynamics in materials science and engineering}},
Journal = {Modell. Simul. Mater. Sci. Eng.},
Year = {{2004}},
Volume = {{12}},
Number = {{6}},
Pages = {{R13}},
Month = {{NOV}},
Publisher = {{IOP PUBLISHING LTD}},
Address = {{DIRAC HOUSE, TEMPLE BACK, BRISTOL BS1 6BE, ENGLAND}},
DOI = {{10.1088/0965-0393/12/6/R01}},
},
@article{Chen:1998,
Author = {Chen, S and Doolen, GD},
Title = {{Lattice Boltzmann method for fluid flows}},
Journal = {{Annu. Rev. Fluid Mech.}},
Year = {{1998}},
Volume = {{30}},
Pages = {{329}},
Publisher = {{ANNUAL REVIEWS INC}},
Address = {{4139 EL CAMINO WAY, PO BOX 10139, PALO ALTO, CA 94303-0139 USA}},
DOI = {{10.1146/annurev.fluid.30.1.329}},
},
# MPCD
@book{Bird:1994,
title={Molecular Gas Dynamics and the Direct Simulation of Gas Flows},
author={Bird, G.A.},
series={Oxford Engineering Science Series},
year={1994},
publisher={Oxford University Press},
Address = {Oxford}
},
@incollection{Gompper:2009,
Author = {Gompper, G. and Ihle, T. and Kroll, D. M. and Winkler, R. G.},
Editor = {{Holm, C and Kremer, K}},
Title = {{Multi-Particle Collision Dynamics: A Particle-Based Mesoscale Simulation
   Approach to the Hydrodynamics of Complex Fluids}},
Booktitle = {{Advanced Computer Simulation Approaches For Soft Matter Sciences III}},
Series = {{Advances in Polymer Science}},
Year = {{2009}},
Volume = {{221}},
Pages = {{1-87}},
Publisher = {{Springer-Verlag Berlin}},
DOI = {{10.1007/12_2008_5}},
},
@article{Malevanets:2000,
Author = {Malevanets, A and Kapral, R}, 
Title = {{Solute molecular dynamics in a mesoscale solvent}},
Journal = {{J. Chem. Phys.}},
Year = {{2000}},
Volume = {{112}},
Number = {{16}},
Pages = {{7260}},
Month = {{APR 22}},
DOI = {{10.1063/1.481289}},
},
@article{Malevanets:1999,
Author = {Malevanets, A and Kapral, R}, 
Title = {{Mesoscopic model for solvent dynamics}},
Journal = {{J. Chem. Phys.}},
Year = {{1999}},
Volume = {{110}},
Number = {{17}},
Pages = {{8605}},
Month = {{MAY 1}},
DOI = {{10.1063/1.478857}},
},
@article{Padding:2006,
Author = {Padding, J. T. and Louis, A. A.},
Title = {{Hydrodynamic interactions and Brownian forces in colloidal suspensions:
   Coarse-graining over time and length scales}},
Journal = {{Phys. Rev. E}},
Year = {{2006}},
Volume = {{74}},
Number = {{3}},
Pages = {{}},
Month = {{SEP}},
Publisher = {{AMER PHYSICAL SOC}},
Address = {{ONE PHYSICS ELLIPSE, COLLEGE PK, MD 20740-3844 USA}},
DOI = {{10.1103/PhysRevE.74.031402}},
Article-Number = {{031402}},
},
# CGMD
@incollection{Noid:2013,
Author = {Noid, WG},
Editor = {{Monticelli, L and Salonen, E}},
Title = {{Systematic methods for structurally consistent coarse-grained models}},
Booktitle = {{Biomolecular Simulations}},
Series = {{Methods in Molecular Biology}},
Year = {{2013}},
Volume = {{924}},
Pages = {{487}},
Publisher = {{Springer}},
Address = {{New York}},
DOI = {{10.1007/978-1-62703-017-5_19}},
},
@article{Monticelli:2008,
Author = {Monticelli, L and Kandasamy, SK and Periole, X and Larson, RG and Tieleman, DP and Marrink, SJ},
Title = {{The MARTINI coarse-grained force field: Extension to proteins}},
Journal = {{J. Chem. Theory Comput.}},
Year = {{2008}},
Volume = {{4}},
Number = {{5}},
Pages = {{819}},
Month = {{MAY}},
Publisher = {{AMER CHEMICAL SOC}},
Address = {{1155 16TH ST, NW, WASHINGTON, DC 20036 USA}},
DOI = {{10.1021/ct700324x}},
},
@article{Marrink:2007,
Author = {Marrink, SJ and Risselada, HJ and Yefimov, S and Tieleman, DP and de Vries, AH},
Title = {{The MARTINI force field: Coarse grained model for biomolecular
   simulations}},
Journal = {{J. Phys. Chem. B}},
Year = {{2007}},
Volume = {{111}},
Number = {{27}},
Pages = {{7812}},
Month = {{JUL 12}},
Publisher = {{AMER CHEMICAL SOC}},
Address = {{1155 16TH ST, NW, WASHINGTON, DC 20036 USA}},
DOI = {{10.1021/jp071097f}},
},
@article{Noid:2008a,
Author = {Noid, WG and Chu, JW and Ayton, GS and Krishna, V and 
   Izvekov, S and Voth, GA and Das, A and Andersen, HC},
Title = {{The multiscale coarse-graining method. I. A rigorous bridge between
   atomistic and coarse-grained models}},
Journal = {{J. Chem. Phys.}},
Year = {{2008}},
Volume = {{128}},
Number = {{24}},
Pages = {{244114}},
Month = {{JUN 28}},
Publisher = {{AMER INST PHYSICS}},
Address = {{CIRCULATION \& FULFILLMENT DIV, 2 HUNTINGTON QUADRANGLE, STE 1 N O 1,
   MELVILLE, NY 11747-4501 USA}},
DOI = {{10.1063/1.2938860}},
Article-Number = {{244114}},
},
@article{Noid:2008b,
Author = {Noid, W. G. and Liu, Pu and Wang, Yanting and Chu, Jhih-Wei and Ayton,
   Gary S. and Izvekov, Sergei and Andersen, Hans C. and Voth, Gregory A.},
Title = {{The multiscale coarse-graining method. II. Numerical implementation for 
   coarse-grained molecular models}},
Journal = {{J. Chem. Phys.}},
Year = {{2008}},
Volume = {{128}},
Number = {{24}},
Pages = {{244115}},
Month = {{JUN 28}},
Publisher = {{AMER INST PHYSICS}},
Address = {{CIRCULATION \& FULFILLMENT DIV, 2 HUNTINGTON QUADRANGLE, STE 1 N O 1,
   MELVILLE, NY 11747-4501 USA}},
DOI = {{10.1063/1.2938857}},
Article-Number = {{244115}},
},
@article{Milano:2005,
Author = {Milano, G and Muller-Plathe, F},
Title = {{Mapping atomistic simulations to mesoscopic models: A systematic
   coarse-graining procedure for vinyl polymer chains}},
Journal = {{J. Phys. Chem. B}},
Year = {{2005}},
Volume = {{109}},
Number = {{39}},
Pages = {{18609}},
Month = {{OCT 6}},
Publisher = {{AMER CHEMICAL SOC}},
Address = {{1155 16TH ST, NW, WASHINGTON, DC 20036 USA}},
DOI = {{10.1021/jp0523571}},
},
@article{Reith:2003,
Author = {Reith, D and Putz, M and Muller-Plathe, F},
Title = {{Deriving effective mesoscale potentials from atomistic simulations}},
Journal = {{J. Comput. Chem.}},
Year = {{2003}},
Volume = {{24}},
Number = {{13}},
Pages = {{1624}},
Month = {{OCT}},
Publisher = {{JOHN WILEY \& SONS INC}},
Address = {{111 RIVER ST, HOBOKEN, NJ 07030 USA}},
DOI = {{10.1002/jcc.10307}},
},
@article{Izvekov:2005a,
Author = {Izvekov, S and Voth, GA},
Journal = {{J. Phys. Chem. B}},
Year = {{2005}},
Volume = {{109}},
Number = {{7}},
Pages = {{2469}},
Month = {{FEB 24}},
Publisher = {{AMER CHEMICAL SOC}},
Address = {{1155 16TH ST, NW, WASHINGTON, DC 20036 USA}},
DOI = {{10.1021/jp044629q}},
},
@article{Izvekov:2005b,
Author = {Izvekov, S and Voth, GA},
Journal = {{J. Chem. Phys.}},
Year = {{2005}},
Volume = {{123}},
Pages = {{234105}},
},
@article{Nielsen:2004,
Author = {Nielsen, SO and Lopez, CF and Srinivas, G and Klein, ML},
Title = {{Coarse grain models and the computer simulation of soft materials}},
Journal = {{J. Phys. Condens. Matter}},
Year = {{2004}},
Volume = {{16}},
Number = {{15}},
Pages = {{R481}},
Month = {{APR 21}},
Publisher = {{IOP PUBLISHING LTD}},
Address = {{DIRAC HOUSE, TEMPLE BACK, BRISTOL BS1 6BE, ENGLAND}},
DOI = {{10.1088/0943-8984/16/15/R481}},
},
@article{Marrink:2004,
Author = {Marrink, SJ and de Vries, AH and Mark, AE},
Title = {{Coarse grained model for semiquantitative lipid simulations}},
Journal = {{J. Phys. Chem. B}},
Year = {{2004}},
Volume = {{108}},
Number = {{2}},
Pages = {{750}},
Month = {{JAN 15}},
Publisher = {{AMER CHEMICAL SOC}},
Address = {{1155 16TH ST, NW, WASHINGTON, DC 20036 USA}},
DOI = {{10.1021/jp036508g}},
},
# DPD
@article{Moeendarbary:2010,
Author = {Moeendarbary, E. and Ng, T. Y. and Zangeneh, M.},
Title = {{Dissipative particle dynamics in soft matter and polymeric applications - a review}},
Journal = {{Int. J. Appl. Mech.}},
Year = {{2010}},
Volume = {{2}},
Number = {{1}},
Pages = {{161}},
Month = {{MAR}},
Publisher = {{IMPERIAL COLLEGE PRESS}},
Address = {{57 SHELTON ST, COVENT GARDEN, LONDON WC2H 9HE, ENGLAND}},
DOI = {{10.1142/S1758825110000469}},
},
@article{Moeendarbary:2009,
Author = {Moeendarbary, E. and Ng, T. Y. and Zangeneh, M.},
Title = {{Dissipative particle dynamics: introduction, methodology and complex fluid applications - a review}},
Journal = {{Int. J. Appl. Mech.}},
Year = {{2009}},
Volume = {{1}},
Number = {{4}},
Pages = {{737}},
Month = {{DEC}},
Publisher = {{IMPERIAL COLLEGE PRESS}},
Address = {{57 SHELTON ST, COVENT GARDEN, LONDON WC2H 9HE, ENGLAND}},
DOI = {{10.1142/S1758825109000381}},
},
@article{Espanol:2003,
Author = {Espanol, P and Revenga, M}, 
Title = {{Smoothed dissipative particle dynamics}},
Journal = {{Phys. Rev. E}},
Year = {{2003}},
Volume = {{67}},
Number = {{2, Part 2}},
Pages = {{}},
Month = {{FEB}},
Publisher = {{AMER PHYSICAL SOC}},
Address = {{ONE PHYSICS ELLIPSE, COLLEGE PK, MD 20740-3844 USA}},
DOI = {{10.1103/PhysRevE.67.026705}},
Article-Number = {{026705}},
},
@article{Pagonabarraga:2001,
Author = {Pagonabarraga, I and Frenkel, D},
Title = {{Dissipative particle dynamics for interacting systems}},
Journal = {{J. Chem. Phys.}},
Year = {{2001}},
Volume = {{115}},
Number = {{11}},
Pages = {{5015}},
Month = {{SEP 15}},
Publisher = {{AMER INST PHYSICS}},
Address = {{2 HUNTINGTON QUADRANGLE, STE 1NO1, MELVILLE, NY 11747-4501 USA}},
DOI = {{10.1063/1.1396848}},
},
@article{Espanol:1997,
Author = {Espanol, P}, 
Title = {{Dissipative particle dynamics with energy conservation}},
Journal = {{Europhys. Lett.}},
Year = {{1997}},
Volume = {{40}},
Number = {{6}},
Pages = {{631}},
Month = {{DEC 15}},
Publisher = {{E D P SCIENCES}},
Address = {{7, AVE DU HOGGAR, PARC D ACTIVITES COURTABOEUF, BP 112, F-91944 LES ULIS
   CEDEXA, FRANCE}},
DOI = {{10.1209/epl/i1997-00515-8}},
},
@article{Koelman:1993,
Author = {Koelman, JMVA and Hoogerbrugge, PJ},
Title = {{Dynamic simulations of hard-sphere suspensions under steady shear}},
Journal = {{Europhys. Lett.}},
Year = {{1993}},
Volume = {{21}},
Number = {{3}},
Pages = {{363}},
Month = {{JAN 20}},
Publisher = {{EDITIONS PHYSIQUE}},
Address = {{Z I DE COURTABOEUF AVE 7 AV DU HOGGAR, BP 112, 91944 LES ULIS CEDEX,
   FRANCE}},
DOI = {{10.1209/0295-5075/21/3/018}},
},
@article{Flekkoy:2000,
Author = {Flekkoy, EG and Coveney, PV and De Fabritiis, G},
Title = {{Foundations of dissipative particle dynamics}},
Journal = {{Phys. Rev. E}},
Year = {{2000}},
Volume = {{62}},
Number = {{2, Part a}},
Pages = {{2140}},
Month = {{AUG}},
Publisher = {{AMERICAN PHYSICAL SOC}},
Address = {{ONE PHYSICS ELLIPSE, COLLEGE PK, MD 20740-3844 USA}},
DOI = {{10.1103/PhysRevE.62.2140}},
},
@article{Flekkoy:1999,
Author = {Flekkoy, EG and Coveney, PV},
Title = {{From molecular dynamics to dissipative particle dynamics}},
Journal = {{Phys. Rev. Lett.}},
Year = {{1999}},
Volume = {{83}},
Number = {{9}},
Pages = {{1775}},
Month = {{AUG 30}},
Publisher = {{AMERICAN PHYSICAL SOC}},
Address = {{ONE PHYSICS ELLIPSE, COLLEGE PK, MD 20740-3844 USA}},
DOI = {{10.1103/PhysRevLett.83.1775}},
},
@article{Groot:1997,
Author = {Groot, RD and Warren, PB},
Title = {{Dissipative particle dynamics: Bridging the gap between atomistic and
   mesoscopic simulation}},
Journal = {{J. Chem. Phys.}},
Year = {{1997}},
Volume = {{107}},
Number = {{11}},
Pages = {{4423}},
Month = {{SEP 15}},
Publisher = {{AMER INST PHYSICS}},
Address = {{CIRCULATION FULFILLMENT DIV, 500 SUNNYSIDE BLVD, WOODBURY, NY 11797-2999}},
DOI = {{10.1063/1.474784}},
},
@article{Espanol:1995b,
Author = {Espanol, P},
Title = {{Hydrodynamics from dissipative particle dynamics}},
Journal = {{Phys. Rev. E}},
Year = {{1995}},
Volume = {{52}},
Number = {{2}},
Pages = {{1734}},
Month = {{AUG}},
Publisher = {{AMER PHYSICAL SOC}},
Address = {{ONE PHYSICS ELLIPSE, COLLEGE PK, MD 20740-3844 USA}},
DOI = {{10.1103/PhysRevE.52.1734}},
},
@article{Espanol:1995a,
Author = {Espanol, P and Warren, P},
Title = {{Statistical-mechanics of dissipative particle dynamics}},
Journal = {{Europhys. Lett.}},
Year = {{1995}},
Volume = {{30}},
Number = {{4}},
Pages = {{191}},
Month = {{MAY 1}},
Publisher = {{EDP SCIENCES S A}},
Address = {{17, AVE DU HOGGAR, PA COURTABOEUF, BP 112, F-91944 LES ULIS CEDEX A,
   FRANCE}},
DOI = {{10.1209/0295-5075/30/4/001}},
},
@article{Hoogerbrugge:1992,
Author = {Hoogerbrugge, PJ and Koelman, JMVA},
Title = {{Simulating microscopic hydrodynamic phenomena with dissipative particle dynamics}},
Journal = {{Europhys. Lett.}},
Year = {{1992}},
Volume = {{19}},
Number = {{3}},
Pages = {{155}},
Month = {{JUN 1}},
Publisher = {{EDITIONS PHYSIQUE}},
Address = {{Z I DE COURTABOEUF AVE 7 AV DU HOGGAR, BP 112, 91944 LES ULIS CEDEX,
   FRANCE}},
DOI = {{10.1209/0295-5075/19/3/001}},
},
# OTHERS 
@article{Koumoutsakos:2005,
Author = {Koumoutsakos, P}, 
Title = {{Multiscale flow simulations using particles}},
Journal = {{Annu. Rev. Fluid Mech.}},
Series = {{Annual Review of Fluid Mechanics}},
Year = {{2005}},
Volume = {{37}},
Pages = {{457}},
Publisher = {{ANNUAL REVIEWS}},
Address = {{4139 EL CAMINO WAY, PO BOX 10139, PALO ALTO, CA 94303-0139 USA}},
DOI = {{10.1146/annurev.fluid.37.061903.175753}},
},
@article{Monaghan:2005,
Author = {Monaghan, JJ},
Title = {{Smoothed particle hydrodynamics}},
Journal = {{Rep. Prog. Phys.}},
Year = {{2005}},
Volume = {{68}},
Number = {{8}},
Pages = {{1703}},
Month = {{AUG}},
Publisher = {{IOP PUBLISHING LTD}},
Address = {{DIRAC HOUSE, TEMPLE BACK, BRISTOL BS1 6BE, ENGLAND}},
DOI = {{10.1088/0034-4885/68/8/R01}},
},
@article{Monaghan:2012,
Author = {Monaghan, JJ},
Title = {{}},
Journal = {{Annu. Rev. Fluid Mech.}},
Year = {{2012}},
Volume = {{44}},
Pages = {{323}},
},
@inproceedings{Benz:1990,
Author = {Benz, W},
Editor = {{Buchler, JR}},
Title = {{Smooth particle hydrodynamics - a review}},
Booktitle = {{Numerical modelling of nonlinear stellar pulsations: problems and prospects}},
Series = {{NATO ADVANCED SCIENCE INSTITUTES SERIES, SERIES C, MATHEMATICAL AND
   PHYSICAL SCIENCES}},
Year = {{1990}},
Volume = {{302}},
Pages = {{269}},
Note = {{NATO ADVANCED RESEARCH WORKSHOP ON THE NUMERICAL MODELLING OF NONLINEAR
   STELLAR PULSATIONS : PROBLEMS AND PROSPECTS, LES ARCS, FRANCE, MAR
   20-24, 1989}},
Publisher = {{KLUWER ACADEMIC PUBL}},
},
@article{Fredrickson:2002,
Author = {Fredrickson, GH and Ganesan, V and Drolet, F},
Title = {{Field-theoretic computer simulation methods for polymers and complex
   fluids}},
Journal = {{Macromolecules}},
Year = {{2002}},
Volume = {{35}},
Number = {{1}},
Pages = {{16}},
Month = {{JAN 1}},
Publisher = {{AMER CHEMICAL SOC}},
Address = {{1155 16TH ST, NW, WASHINGTON, DC 20036 USA}},
DOI = {{10.1021/ma011515t}},
},
@article{Marrink:2013,
Author = {Marrink, SJ and Tieleman, DP},
Title = {{Perspective on the Martini model}},
Journal = {{Chem. Soc. Rev.}},
Year = {{2013}},
Volume = {{42}},
Number = {{}},
Pages = {{6801}},
},
@article{Padding:2011,
Author = {Padding, J. T. and Briels, W. J.},
Title = {{Systematic coarse-graining of the dynamics of entangled polymer melts:
   the road from chemistry to rheology}},
Journal = {{J. Phys. Condens. Matter}},
Year = {{2011}},
Volume = {{23}},
Number = {{23}},
Pages = {233101},
Month = {{JUN 15}},
DOI = {{10.1088/0953-8984/23/23/233101}},
},
@article{Hills:2010,
Author = {Hills, Jr., Ronald D. and Lu, Lanyuan and Voth, Gregory A.},
Title = {{Multiscale Coarse-Graining of the Protein Energy Landscape}},
Journal = {{PLOS Computational Biology}},
Year = {{2010}},
Volume = {{6}},
Number = {{6}},
Pages = {e1000827},
Month = {{JUN}},
DOI = {{10.1371/journal.pcbi.1000827}},
},
@article{Ruehle:2009,
Author = {Ruehle, Victor and Junghans, Christoph and Lukyanov, Alexander and
   Kremer, Kurt and Andrienko, Denis},
Title = {{Versatile Object-Oriented Toolkit for Coarse-Graining Applications}},
Journal = {{J. Chem. Theory Comput.}},
Year = {{2009}},
Volume = {{5}},
Number = {{12}},
Pages = {{3211}},
Month = {{DEC}},
DOI = {{10.1021/ct900369w}},
},
@article{Ashbaugh:2005,
Author = {Ashbaugh, HS and Patel, HA and Kumar, SK and Garde, S},
Title = {{Mesoscale model of polymer melt structure: Self-consistent mapping of
   molecular correlations to coarse-grained potentials}},
Journal = {{J. Chem. Phys.}},
Year = {{2005}},
Volume = {{122}},
Number = {{10}},
Pages = {104908},
Month = {{MAR 8}},
DOI = {{10.1063/1.1861455}},
},
@article{Reith:2001,
Author = {Reith, D and Meyer, H and Muller-Plathe, F},
Title = {{Mapping atomistic to coarse-grained polymer models using automatic
   simplex optimization to fit structural properties}},
Journal = {{Macromolecules}},
Year = {{2001}},
Volume = {{34}},
Number = {{7}},
Pages = {{2335}},
Month = {{MAR 27}},
DOI = {{10.1021/ma001499k}},
},
@article{Lowe:2004,
Author = {Lowe, CP and Dreischor, MW},
Title = {Simulating the dynamics of mesoscopic systems},
Journal = {Lect. Notes Phys.},
Year = {2004},
Volume = {640},
Number = {},
Pages = {35},
},
@article{Ihle:2001,
Author = {Ihle, T and Kroll, DM},
Title = {},
Journal = {Phys. Rev. E},
Year = {2001},
Volume = {63},
Number = {},
Pages = {020201},
},
@article{Ihle:2003,
Author = {Ihle, T and Kroll, DM},
Title = {},
Journal = {Phys. Rev. E},
Year = {2003},
Volume = {67},
Number = {},
Pages = {066705},
},
@article{Noguchi:2007,
Author = {Noguchi, H and Kikuchi, N and Gompper, G},
Title = {},
Journal = {Europhys. Lett.},
Year = {2007},
Volume = {78},
Number = {},
Pages = {10005},
},
@article{Goetze:2007,
Author = {Goetze, I O and  Noguchi, H and Gompper, G},
Title = {},
Journal = {Phys. Rev. E},
Year = {2007},
Volume = {76},
Number = {},
Pages = {046705},
},
@article{Ansumali:2003,
Author = {Ansumali, S and Karlin, I and Ottinger, H C},
Title = {},
Journal = {Europhys. Lett.},
Year = {2003},
Volume = {63},
Number = {},
Pages = {798},
},
@book{Guo:2013,
Title={Lattice Boltzmann Method and its Application in Engineering},
Author={Guo, Z and Shu, C},
ISBN={9814508292},
Series={Advances in Computational Fluid Dynamics},
Year={2013},
Publisher={World Scientific},
Address = {{New York}}
},
@article{Guo:2002,
Author = {Guo, Z and Zhen, CG and Shi, BC},
Title = {},
Journal = {Phys. Rev. E},
Year = {2002},
Volume = {65},
Number = {},
Pages = {046308},
},
@article{He:1998,
Author = {He, X and Shan, X and Doolen, GD},
Title = {},
Journal = {Phys. Rev. E},
Year = {1998},
Volume = {57},
Number = {},
Pages = {13},
},
@article{Nguyen:2002,
Author = {Nguyen, N Q and Ladd, A J C},
Title = {},
Journal = {Phys. Rev. E},
Year = {2002},
Volume = {66},
Number = {},
Pages = {046708},
},
@article{Chikatamarla:2006,
Author = {Chikatamarla, S S and Karlin, I V},
Title = {},
Journal = {Phys. Rev. Lett.},
Year = {2006},
Volume = {97},
Number = {},
Pages = {190601},
},
@article{Qian:1992,
Author = {Qian, YH and d'Humieres, D and Lallemand, P},
Title = {},
Journal = {Europhys. Lett.},
Year = {1992},
Volume = {17},
Number = {},
Pages = {479},
},
@article{Praprotnik:2008,
Author = {Praprotnik, M and Delle Site, L and Kremer, K},
Title = {},
Journal = {Annu. Rev. Phys. Chem},
Year = {2008},
Volume = {59},
Number = {},
Pages = {545},
},
@article{Brini:2013,
Author = {Brini, E and Algaer, EA and  Ganguly, P and Li, CL and Rodriguez-Ropero, F and van der Vegt, NFA},
Title = {},
Journal = {Soft Matter},
Year = {2013},
Volume = {9},
Number = {},
Pages = {2108},
},
@article{Lyubartsev:1995,
Author = {Lyubartsev, AP and Laaksonen, A},
Title = {},
Journal = {Phys. Rev. E},
Year = {1995},
Volume = {52},
Number = {},
Pages = {3730},
},
@article{Ercolessi:1994,
Author = {Ercolessi, F and Adams, JB},
Title = {},
Journal = {Europhys. Lett.},
Year = {1994},
Volume = {26},
Number = {},
Pages = {583},
},
@article{Mullinax:2010,
Author = {Mullinax, JW and Noid, WG},
Title = {},
Journal = {J. Phys. Chem. C},
Year = {2010},
Volume = {114},
Number = {},
Pages = {5561},
},
@book{Doi:2013,
Title={Soft Matter Physics},
Author={Doi, M},
ISBN={0199652953},
Series={},
Year={2013},
Publisher={OUP},
Address = {{Oxford}}
},
@book{Terentjev:2015,
Title={The Oxford Handbook of Soft Condensed Matter},
Editor={Terentjev, EM and Weitz, DA},
ISBN={0199667926},
Series={},
Year={2015},
Publisher={OUP},
Address = {{Oxford}}
},
@article{Aidun:2010,
Author = {Aidun, CK and Clausen, JR},
Title = {},
Journal = {Annu. Rev. Fluid Mech.},
Year = {2010},
Volume = {42},
Number = {},
Pages = {439},
},
@article{Dellar:2014,
Author = {Dellar, PJ},
Title = {},
Journal = {J. Comput. Phys.},
Year = {2014},
Volume = {259},
Number = {},
Pages = {270},
},
@article{Connington:2012,
Author = {Connington, K and Lee, T},
Title = {},
Journal = {J. Mech. Sci. Technol.},
Year = {2012},
Volume = {26},
Number = {},
Pages = {3857},
},
@article{Ahlrichs:1999,
Author = {Ahlrichs, P and D\"unweg, B},
Title = {},
Journal = {J. Chem. Phys.},
Year = {1999},
Volume = {111},
Number = {},
Pages = {8225},
},
@article{,
Author = {},
Title = {},
Journal = {},
Year = {},
Volume = {},
Number = {},
Pages = {},
},



